@article {Wehnereaam9288,
	author = {Wehner, Stephanie and Elkouss, David and Hanson, Ronald},
	title = {Quantum internet: A vision for the road ahead},
	volume = {362},
	number = {6412},
	elocation-id = {eaam9288},
	year = {2018},
	doi = {10.1126/science.aam9288},
	publisher = {American Association for the Advancement of Science
	}
}

@INPROCEEDINGS{Maurer11abstractcryptography,
    author = {Ueli Maurer and Renato Renner},
    title = {Abstract cryptography},
    booktitle = {IN INNOVATIONS IN COMPUTER SCIENCE},
    year = {2011},
    publisher = {Tsinghua University Press}
}

@article{Pirker_2017,
   title={Entanglement generation secure against general attacks},
   volume={19},
   ISSN={1367-2630},
   url={http://dx.doi.org/10.1088/1367-2630/aa8086},
   DOI={10.1088/1367-2630/aa8086},
   number={11},
   journal={New Journal of Physics},
   publisher={IOP Publishing},
   author={Pirker, Alexander and Dunjko, Vedran and DÃ¼r, Wolfgang and Briegel, Hans J},
   year={2017},
   month={Nov},
   pages={113012}
}
